@article{bayes,
    author =       "Jasper Snoek, Hugo Larochelle and Ryan Precott Adams",
    title =        "Practical Bayesian Optimization of Machine Learning Algorithms",
    journal =      "Advances in Neural Information Processing Systems",
    year =         "2012"
}

@unpublished{rl_lecture,
	author 	=	"Avi Pfeffer; revised by David Parkes and Ryan Adams",
    title 	=	"Reinforcement Learning",
    note	=	"Lecture notes given for Spring Semester 2015, Harvard University"
}

@unpublished{mdp_lecture,
	author	=	"Avi Pfeffer; revised by David Parkes and Ryan Adams",
    title	=	"Markov Decision Processes (continued)",
    note	=	"Lecture notes given for Spring Semester 2015, Harvard University"

}